@article{spectroscopicProperties,
    title={Spectroscopic Properties of Asteroid Families Spectroscopic Properties of Asteroid Families A. Doressoundiram Observatoire de Paris-Meudon},
    author={Cellino, A. and Bus, S. J. and Lazzaro, D.},
    year={2002},
    note={retrieved from: \url{https://www.researchgate.net/publication/234841927_Spectroscopic_Properties_of_Asteroid_Families}}
    }

@article{newClassification,
    title={Reanalysis of asteroid families structure through visible spectroscopy},
    author={T. Mothe-Diniz and F. Roig and J. M. Carvano},
    year={2005},
    month={March},
    journal={Icarus},
    page={54-80},
    volume={174}
    }
    
@phdthesis{taxonomy,
    title={Asteroid Taxonomy from Cluster Analysis of Photometry},
    author={Tholen, D. J.},
    year={1984},
    school={University of Arizona},
    address={Tucson, AZ}
    }
    
@phdthesis{smassii,
    title={Compositional structure in the asteroid belt: Results of a spectroscopic survey.},
    author={Bus, S. J.},
    year={1999},
    school={Massachusetts Institute of Technology},
    address={Cambridge, MA}
    }
    
@article{smassiitwo,
    title={Phase II of the Small Main-Belt Asteroid Spectroscopic Survey},
    author={S. J. Bus and R. P. Binzel},
    year={2002},
    journal={Icarus},
    volume={158}
    }

@article{vestoid,
    title={Chips off of asteroid 4 Vesta: Evidence for the parent body of basaltic achondrite meteorites},
    author={R. P. Binzel and S. Xu},
    year={1993},
    journal={Science},
    volume={260}
    }
    
@article{sizealbedo,
    title={Application of photometric models to asteroids.},
    author={Bowell, E. and others},
    year={1989},
    journal={Asteroids II},
    publisher={University of Arizona press}
    }
    
@article{populationofnea,
    title={The population of near-Earth asteroids},
    author={Alan W. Harris and Germano D'Abramo},
    year={2015},
    journal={Icarus},
    volume={257}
    }
    
@techreport{albedovalues,
    title={The H-G asteroid magnitude system: mean slope parameters},
    author={Alan W. Harris},
    institution={Lunar and Planetary Institute},
    address={Houston, TX},
    year={1989}
    }

@article{quantifyingrisk,
    title={Quantifying the risk posed by potential Earth impacts},
    author={Steven R. Chesley and others},
    year={2001},
    journal={Icarus},
    volume={159}
    }
    
@inproceedings{firstpaper,
    title={Kinetic interception strategy for asteroid deflection using defunct space assets},
    author={Daniel N. Brack and James D. Burke},
    year={2016},
    booktitle={67th International Astronautical Congress}
    }
    
@article{impactrate,
    title={Size-Frequency Distribution Of Asteroids And Impact Craters: Estimates Of Impact Rate},
    author={Boris Ivanov},
    year={2008},
    note={retrieved from: \url{https://www.researchgate.net/publication/228679214_Size-Frequency_Distribution_Of_Asteroids_And_Impact_Craters_Estimates_Of_Impact_Rate}}
    }
    
@article{asteroidpowerlaw,
    title={The Palomar-Leiden survey of faint minor planets},
    author={van Houten, C. J. and others},
    year={1970},
    journal={Astronomy \& Astrophysics Supplement Series},
    volume={2}
    }
    
@booklet{dontdoECA,
    title={PRESS INFORMATION SHEET: 100 POTENTIALLY HAZARDOUS ASTEROIDS},
    author={Brian G. Marsden},
    year={1997},
    howpublished={Published by the Harvard-Smithsonian Center for Astrophysics}
    }
    
@article{subpopulations,
    title={Characterizing subpopulations within the near-Earth objects with NEOWISE: preliminary results},
    author={A. Mainzer and others},
    year={2012},
    journal={The astrophysics journal},
    volume={752}
    }
    
@techreport{neosizelimit,
    title={Study to Determine the Feasibility of Extending the Search for NearEarth Objects to Smaller Limiting Diameters},
    author={Grant H. Stokes and others},
    year={2003},
    address={La Canada, CA},
    institution={NASA JPL}
}

@techreport{smallneos,
    title={Defending Planet Earth: Near-Earth Object Surveys and Hazard Mitigation Strategies},
    author={I. Shapiro and others},
    year={2010},
    institution={National Research Council of the National Academies},
    note={retrieved from: \url{https://www.boulder.swri.edu/~bottke/Reprints/National_Academies_NEO_Report_Defending_Planet_Earth.pdf}}
    }
    
@article{debiased,
    title={Debiased orbital and absolute magnitude distribution of the near-Earth objects},
    author={W. F. Bottke and others},
    year={2001},
    journal={Icarus},
    volume={156}
    }
    
@article{neonieuw,
    title={The orbital distribution of Near-Earth Objects within the Earth's orbit},
    author={S. Greenstreet and H. Ngo and B. Gladman},
    year={2012},
    journal={Icarus},
    volume={217}
    }
    
@article{originandevolution,
    title={Origin and Evolution of Near-Earth Objects},
    author={A. Morbidelli and others},
    year={2002},
    journal={Asteroids III},
    note={Retrieved from: \url{https://www.researchgate.net/publication/247084150_Origin_and_Evolution_of_Near-Earth_Objects}}
    }
    
@article{evolutionofcamera,
    title={THE EVOLUTION OF DEEP SPACE NAVIGATION: 1989-1999},
    author={L. J. Wood},
    year={2008},
    journal={Advances in the Astronautical Sciences},
    volume={131},
    note={Retrieved from: \url{https://www.researchgate.net/publication/255586793_The_Evolution_of_Deep_Space_Navigation_1989-1999}}
    }

@article{OpNav,
    title={Methods of Optical Navigation},
    author={{Owen, Jr. W. M.}},
    year={2015},
    journal={AAS/AIAA Space Flight Mechanics Meeting},
    volume={11-215}
    }

@book{SMAD,
    title={Space Mission Engineering: The New SMAD},
    Author={James R. Wertz and David F. Everett and Jeffery J. Puschell},
    publisher={Microcosm Press},
    year={2011}
    }
    
@misc{CCDimage,
    title={Basic CCD image processing},
    author={O. Hainaut},
    year={1996},
    note={\url{https://www.eso.org/~ohainaut/ccd/}}
    }
    
@misc{CCDsignal,
    title={Signal and Noises},
    author={O. Hainaut},
    year={1996},
    note={\url{https://www.eso.org/~ohainaut/ccd/sn.html}}
    }
    
@book{CCDBook,
    title={Semiconductor Devices: Physics and Technology},
    author={Sze, Simon Min and Lee, King-Kwei},
    year={2012},
    publisher={John Wiley \& Sons}
    }
    
@book{diffractionlimit,
    title={Optical Physics},
    author={Lipson and Lipson and Tannhauser},
    year={1998},
    publisher={Cambridge press},
    page={340}
    }
    
@booklet{airyfunction,
    title={Point Spread Functions},
    author={O'Connell},
    howpublished={Lecture notes from California Institute of Technology},
    note={retrieved from: \url{http://web.ipac.caltech.edu/staff/fmasci/home/astro_refs/PSFtheory.pdf}}
    }
    
@article{kalman,
    title={A New Approach to Linear Filtering and Prediction Problems},
    author={R. E. Kalman},
    year={1960},
    journal={Journal of Basic Engineering},
    volume={82}
    }
    
@article{extendedkalman,
    title={New results in linear filtering and prediction theory},
    author={R. E. Kalman and R. S. Bucy},
    year={1961},
    journal={Journal of Basic Engineering},
    volume={83}
    }
    
@article{kalmangood,
    title={Sigma-Point filters: An Overview with Applications to Integrated Navigation and Vision Assisted Control},
    author={Courses, E.},
    journal={Nonlinear Statistical Signal Processing Workshop, IEEE},
    year={2006}
    }
    
@article{gaussceres,
    title={Theory of the motion of heavenly bodies moving about the sun in conic sections},
    author={C. F. Gauss},
    year={1809}
    }
    
@inproceedings{classicmodernorbits,
    title={Classical and modern orbit determination for asteroids},
    author={Giovanni F. Gronchi},
    year={2004},
    booktitle={196th Proceedings of the IAU}
    }
    
@book{curtis,
    title={Orbital Mechanics for Engineering Students.},
    author={H.D. Curtis},
    year={2005},
    publisher={Elsevier}
    }
    
@article{anglesonly,
    title={New angles-only algorithms for initial orbit determination},
    author={G. J. Der},
    year={2012},
    journal={AMOS Conference}
    }
    
@article{superlambert,
    title={The superior lambert algorithm},
    author={G. J. Der},
    year={2011},
    journal={AMOS Conference}
    }

@article{superlamberttwo,
    title={Orbital and Celestial Mechanics},
    author={J. P. Vinti},
    year={1998},
    journal={AIAA},
    volume={177}
    }
    
@article{veryshortarcs,
    title={Orbit determination with very shorts arcs: I admissible regions},
    author={A. Milani and others},
    year={2004},
    journal={Celestial Mechanics and Dynamical Astronomy},
    volume={90}
    }

@article{veryshortarcstwo,
    title={Orbit determination with very short arcs: II identifications},
    author= {A. Milani and others},
    year={2005},
    journal={Icarus}
    }
    
@inproceedings{EKF,
    title={Unscented filtering and nonlinear estimation},
    author={S. J. Julier and J. K. Uhlmann},
    year={2004},
    booktitle={92nd Proceedings of the IEEE}
    }
    
@book{nnbookone,
    title={Simulation of Neural Networks},
    author={A. Zell},
    year={2003},
    publisher={Addison-Wesley}
    }
    
@book{nnbooktwo,
    title={Hands-on machine learning with Scikit-learn, Keras \& Tensorflow},
    author={A. Geron},
    year={2019},
    publisher={O'Reilly}
    }
    
@book{nnbookthree,
    title={The Machine Learning Dictionary},
    author={B. Wilson},
    year={2012},
    note={Retrieved from: \url{https://web.archive.org/web/20180826151959/http://www.cse.unsw.edu.au/\~billw/mldict.html\#activnfn}}
    }
    
@book{nnbookfour,
    title={Deep Learning},
    author={I. Goodfellow and Y. Bengio and A. Courville},
    year={2016},
    publisher={MIT Press}
    }
    
@article{gradientdescent,
    title={Cauchy and the gradient method},
    author={C. Lemarechal},
    year={2012},
    journal={Doc Math Extra}
    }

@article{sgd,
    title={The Tradeoffs of large scale learning},
    author={L. Bottou},
    year={2012},
    journal={Optimization for Machine Learning}
    }
    
@inproceedings{Relu,
    title={Rectified linear units improve restricted boltzmann machines},
    author={V. Nair and G. E. Hinton},
    year={2010},
    booktitle={Proceedings of the 27th international conference on machine learning}
    }
    
@article{ELU,
    title={Fast and accurate deep network learning by exponential linear units (ELUs)},
    author={D. A. Clevert and T. Unterthinerm and S. Hochreiter},
    year={2015},
    journal = {International conference on learning representations}
    }
    
@misc{AdamKeras,
    title={ADAM},
    author={Keras},
    year={2021},
    note={Retrieved from: \url{https://keras.io/api/optimizers/adam/}}
    }

@article{Adam,
    title={Adam: a method for stochastic optimization},
    author = {D. P. Kingma and J. Ba},
    year={2015},
    journal={International conference for learning representations}
    }
    
@article{anntrajectoryone,
    title={Trajectory prediction for moving objects using artificial neural networks},
    author={P. Payeur and H. Le-Huy and C. M. Gosselin},
    year={1995},
    journal={IEEE Transactions on Industrial Electronics}
    }
    
@article{anntrajectorytwo,
    title={Deep learning based missile trajectory prediction},
    author={Z. Wang and J. Zhang and W. Wei},
    year={2020},
    journal={IEEE International Conference on Advanced Learning Techniques}
    }

@mastersthesis{trajectorythesis,
    title={Estimating 3D-trajectories from monocular video sequences},
    author={J. Sköld},
    year={2015},
    school={KTH Royal Institute of Technology},
    address={Stockholm, SE}
    }
    
@article{trajone,
    title={Three-dimensional trajectory estimation from image position and velocity},
    author={S. D. Blostein and L. Zhao and R. M. Chann},
    year={2000},
    journal={IEEE Transactions on Aerospace and Electronic Systems},
    volume={36}
    }
    
@article{trajtwo,
    title={How baseball outfielders determine where to run to catch fly balls},
    author={M. K. McBeath and D. M. Shaffer and M. K. Kaiser},
    year={1995},
    journal={Science},
    volume={268}
    }

@inproceedings{trajthree,
    title={On the computation of motion from sequences of images},
    author={J. K. Aggerwal and N. Nandhakumar},
    year={1988},
    journal={76th Proceedings of the IEEE}
    }
    
@article{trajfour,
    title={A new method of meteor trajectory determination applied to multiple unsynchronized cideo cameras},
    author={P. S. Gural},
    year={2012},
    journal={Meteorics and Planetary Society},
    volume={47, Nr 9.}
    }
    
@article{trajfive,
    title={The challenge associated with the robust computation of meteor velocities from video and photographic records},
    author={A. Egal and others},
    year={2017},
    journal={Icarus},
    volume={294}
    }

@article{trajsix,
    title={Estimating trajectories of meteors: an observational monte-carlo approach},
    author={D. Vida and others},
    year={2019},
    journal={Monthly notices of the royal astronomical society},
    volume={491}
    }
    
@mastersthesis{thesisspacebased,
    title={Mission analysis of space-based telescopes to detect impacting near-Earth objects},
    author={{Ramirez Torralba, O.}},
    year={2020},
    school={Delft University of Technology},
    address = {Delft, NL}
    }

@techreport{NASAreport,
    title={Update to Determine the Feasibility of Enhancing the Search and Characterization of NEOs},
    author={G. H. Stokes and others},
    year={2017},
    institution={NASA Science Mission Directorate},
    address={Mountain View, CA},
    note={Retrieved from: \url{https://cneos.jpl.nasa.gov/doc/SDT\_report\_2017.html}}
    }
    
@article{starlight,
    title={Study of the photon flux from the night sky at La Palma and Namibia, in the wavelength region relevant for imaging atmospheric Cherenkov telescopes},
    author={S. Preuss and G. Hermann and W. Hofmann and A. Kohnle},
    year={2002},
    journal={Nuclear instruments and methods in physics research A},
    volume={481}
    }
    
@inproceedings{nightsky,
    title={A physically-based night sky model},
    author={H. W. Jensen and others},
    year={2001},
    journal={SIGGRAPH conference proceedings}
    }
    
@article{NEAsurveys,
    title={Comparing NEA surveys},
    author={G. B. Valsecchi},
    year={2019},
    journal={NEO and Debris Detection Conference},
    volume={1},
    note={Retrieved from: \url{https://conference.sdo.esoc.esa.int/proceedings/neosst1/paper/414/NEOSST1-paper414.pdf}}
    }

@misc{catalinaskysurvey,
    title={About CSS},
    author={{Catalina Sky Survey}},
    year={2021},
    note={Retrieved from: \url{https://catalina.lpl.arizona.edu/}}
    }
    
@misc{Panstarrs,
    title={Pan-STARRS},
    author={{Pan-STARRS}},
    year={2021},
    note={Retrieved from: \url{https://panstarrs.ifa.hawaii.edu/pswww/?page\_id=154}}
    }
    
@misc{Zwicky,
    title={Zwicky Transient Facility},
    author={Caltech},
    year={2021},
    note={Retrieved from: \url{https://www.ztf.caltech.edu/}}
    }

@misc{LSST,
    title={About Rubin Observatory},
    author={LSST},
    year={2021},
    note={Retrieved from: \url{https://www.lsst.org/about}}
    }

@article{ATLAS,
    title={ATLAS: A High-cadence all-sky survey system},
    author={J. L. Tonry and others},
    year={2018},
    journal={Publications of the Astronomical Society of the Pacific},
    volume={130}
    }
    
@misc{Atlasite,
    title={ATLAS - the ATLAS Project},
    author={ATLAS},
    year={2021},
    note={Retrieved from: \url{https://atlas.fallingstar.com/home.php}}
    }
    
@misc{NEOWise,
    title={NEOWISE Mission Summary},
    author={{NASA JPL}},
    year={2021},
    note={Retrieved from: \url{https://www.jpl.nasa.gov/missions/neowise}}
    }
    
@misc{Neossat,
    title={NEOSSat: Canada's sentinel in the sky},
    author={{Canadian Space Agency}},
    year={2021},
    note={Retrieved from: \url{https://www.asc-csa.gc.ca/eng/satellites/neossat/}}
    }
    
@article{Neossattwo,
    title={The Near Earth Object Surveillance Satellite (NEOSSat) Mission will conduct an efficient space-based asteroid survey at low solar elongations},
    author={A. R. Hildebrand and others},
    year={2008},
    journal={Asteroids, Comets, Meteors}
    }
    
@article{supernovacnn,
    title={Supernovae detection by using convolutional neural networks},
    author={G. Cabrera-Vives and others},
    year={2016},
    journal={International Joint Conference on Neural Networks}
    }
    
@article{sextractor,
    title={SExtractor: Software for source extraction},
    author={E. Bertin and S. Arnouts},
    year={1996},
    journal={Astronomy and Astrophysics Supplement Series},
    Volume={117}
    }
    
@article{PalomarPipeline,
    title={The IPAC image subtraction and discovery pipeline for the intermediate palomar transient facility},
    author={F. J. Maci and others},
    year={2017},
    journal={Publications of the Astronomical Society of the Pacific},
    volume={129}
    }
    
@article{processingclassic,
    title={Proper image subtraction - optimal transient detection potometry, and hypothesis testing},
    author={B. Zackay and E. O. Ofek and A. Gal-Yam},
    year={2016},
    journal={The astrophysics journal},
    volume={830}
    }
    
@article{AtlasDL,
    title={A Two-Stage Deep Learning Detection Classifier for the ATLAS Asteroid Survey},
    author={A. C. Rabeendran and L. Denneau},
    year={2021},
    journal={Publications of the Astronomical Society of the Pacific}
    }
    
@article{autoencoder,
    title={Effective image differencing with convolutional neural networks for real-time transient hunting},
    author={N. Sedaghat and A. Mahabal},
    year={2018},
    journal={Monthly notices of the Royal Astronomical Society},
    volume={476}
    }
    
@article{thesisprocedure,
    title={Thesis procedure, Master Thesis AE},
    author={{TU Delft}},
    year={2021},
    note={Retrieved from: \url{https://brightspace.tudelft.nl/d2l/le/content/43776/viewContent/1563833/View}}
    }
    
@misc{ATLASBlog,
    title={New Schmidt Correctors installed},
    author={H.Weiland},
    year={2017},
    howpublished={The ATLAS Blog},
    note={Retrieved from: \url{https://blog.fallingstar.com/}}
    }
    
@article{GAIA,
    title={The ESA Gaia Archive: Data Release 1},
    author={J. Salgado and others},
    year={2017},
    journal={Astronomy and Computing},
    volume={21}
    }

@article{subtraction,
    title={A method for Optimal Image Subtraction},
    author={C. Alard and R. H. Lupton},
    year={1998},
    journal={The Astrophysics Journal},
    volume={503}
    }
    
@inproceedings{lorentzian,
    title={Optical Navigation During the voyager neptune encounter},
    author={J. E. Riedel and others},
    year={1990},
    journal={90th AIAA/AAS Astrodynamics Conference}
    }
    
@article{processingDLone,
    title={Deep-hits: rotation invariant convolutional neural network for transient detection},
    author={G. Cabrera-Vives and others},
    year={2017},
    journal={The Astrophysics Journal},
    volume={836}
    }

@article{processingDLtwo,
    title={Deep learning for image sequence classification of astronomical events},
    author={R. Carrasco-Davis and others},
    year={2019},
    journal={Publications of the Astronomical Society of the Pacific},
    volume={131}
    }
    
@phdthesis{phddissertation,
    title={Angles-only relative navigation in low earth orbit},
    author={J.H. Ardaens},
    year={2020},
    school={Delft University of Technology},
    address={Delft, NL}
    }