@TECHREPORT {NEOSDT1,
    author = {Grant H. Stokes and others},
    title = {Study to Determine the feasbility of Extending the search for Near-Earth Objects to Smaller Limiting Diameters},
    publisher = {NASA/JPL},
    year = {2003}
    }
    
@TECHREPORT {NEOSDT2,
    author = {Grant H. Stokes and others},
    title = {Update to Determine the Feasbility of Enhancing the Search and Characterization of NEOs},
    publisher = {NASA/JPL},
    year = {2017}
    }
    
@BOOK {OptimizerAlgos,
    author =  {Mykel J. Kochenderfer and Tim A. Wheeler},
    title = {Algorithms for Optimization},
    publisher = {The MIT Press},
    address = {Cambridge, Massachusetts},
    year = {2019}
    }
    
@ARTICLE {AsteroidSTM,
    author = {Larry A. Lebovsky and others},
    title = {A Refined Standard Thermal Model for Asteroids Based on Observations of 1 Ceres and 2 Pallas},
    journal = {Icarus},
    volume = {68},
    year = {1986}
    }
    
@INCOLLECTION {AsteroidsInTIR,
    author = {Alan W. Harris and Johan S. V. Lagerros},
    title = {Asteroids in the Thermal Infrared},
    booktitle = {Asteroids III},
    publisher = {University of Arizona Press},
    year = {2002},
    pages = {205-218}
    }
    
@ARTICLE {COBEIRBackground,
    author = {T. Kelsall and others},
    title = {The COBE Diffuse Infrared Background Experiment Search for the Cosmic Infrared Background. II. Model of the Interplanetary Dust Cloud},
    journal = {The Astrophysics Journal},
    volume = {508},
    year = {1998}
    }
    
@TECHREPORT {DefendingPlanetEarth,
    author = {Irwin I. Shapiro and others},
    title = {Defending Planet Earth: Near-Earth Object Surveys and Hazard Mitigation Strategies},
    publisher = {Space Studies Board, National Research Council},
    year = {2010}
    }
    
@TECHREPORT {NEODetection,
    author = {Elena Adams and others},
    title = {Analysis of Alternatives for Near Earth Object Detection, Tracking and Characterization},
    publisher = {John Hopkins Applied Physics Laboratory},
    year = {2018}
    }
    
@ARTICLE {DiffuseSkyBrightness,
    author = {Ch. Leinert and others},
    title = {The 1997 Reference of the Diffuse Night Sky Brightness},
    journal = {Astronomy \& Astrophysics Supplement Series},
    volume = {127},
    year = {1998}
    }
    
@ARTICLE {GeneticSlow,
    author = {Alba Munoz and Fernando Rubio},
    title = {Evaluating Genetic Algorithms through the Approximability Hierarchy},
    journal = {Journal of Computational Science},
    year = {2021},
    volume = {53}
    }

@BOOK {OptimalDesign,
    author = {Panos Y. Papalambros and Douglass J. Wilde},
    title = {Principles of Optimal Design},
    publisher = {Cambridge University Press},
    edition = {2},
    year = {2000}
    }
    
@BOOK {LightOfTheNightSky,
    author = {F. E. Roach and J. L. Gordon},
    title = {The Light of the Night Sky},
    publisher = {D. Reidel Publishing Company},
    year = {1973}
    }
    
@MASTERSTHESIS {ThesisOlga,
    author = {Olga Ramirez Torralba},
    title = {Mission Analysis of Space-based Telescopes to Detect Impacting Near-Earth Objects},
    school = {TU Delft},
    year = {2020}
    }
    
@ARTICLE {PopulationHarris,
    author  = {Alan W. Harris and Germano D'Abramo},
    title = {The Population of Near-Earth Asteroids},
    journal = {Icarus},
    volume = {257},
    year = {2015}
    }
    

@TECHREPORT {InitialTaskforce,
    author = {Harry Atkinson and others},
    title = {Report of the Task Force on Potentially Hazardous Near-Earth Objects},
    publisher = {British National Space Center},
    year = {2000}
    }

@ARTICLE {NEOWISEFlex,
    author = {A. Mainzer and others},
    title = {Initial Performance of the NEOWISE Reactivation Mission},
    journal = {The Astrophysics Journal},
    year = {2014},
    volume = {792}
    }
    
@ARTICLE {LSST,
    author = {J. A. Tyson},
    title = {Large Synoptic Survey Telescope: Overview},
    journal = {Survey and Other Telescope Technologies and Discoveries},
    year = {2002}
    }
    
@ARTICLE {Populations,
    author = {J. S. Stuart and R. P. Binzel},
    title = {Bias-corrected population, size distribution and impact hazard for the Near-Earth Objects},
    journal = {Icarus},
    volume = {170},
    year = {2004}
    }

@TECHREPORT {Flyeye,
    author = {Olga Ramirez Torralba and others},
    title = {Simulation of Sky Surveys with the Flyeye Telescope},
    publisher = {European Space Agency},
    year = {2019}
    }

@ARTICLE {PopulationGranvik,
    author = {M. Granvik and others},
    title = {Debiased orbit and absolute-magnitude distrbutions for near-Earth objects},
    journal = {Icarus},
    volume = {312},
    year = {2018}
    }

@ARTICLE {ChelseyPop,
    author = {William F. Bottke and others},
    title = {In search of the source of asteroid (101955) Bennu: Applications of the stochastic YORP model},
    journal = {Icarus},
    year = {2015},
    volume = {247}
    }

@MISC {CNEOSDatabase,
    author = {NASA/JPL},
    title = {JPL Small-Body Database},
    note = {\url{https://ssd.jpl.nasa.gov/sbdb.cgi}, retrieved on: 16 September 2021}
    }

@ARTICLE {OpNav,
    author = {William M. Owen, Jr.},
    title = {Methods of Optical Navigation},
    journal = {AAS Spaceflight Mechanics Conference},
    year = {2011}
    }

@BOOK {DLOne,
    author = {Aurelion Geron},
    title = {Hands-on Machine Learning with Scikit-Learn, Keras \& Tensorflow},
    year = {2019},
    publisher = {O'Reilly}
    }

@BOOK {DLTwo,
    author = {I. Goodfellow and others},
    title = {Deep Learning},
    year = {2016},
    publisher = {MIT University Press}
    }

